@inproceedings{Avron-FasterRandomizedInfeasibleIPMs,
  author = {Chowdhury, Agniva and London, Palma and Avron, Haim and Drineas, Petros},
  booktitle = {Advances in Neural Information Processing Systems},
  editor = {H. Larochelle and M. Ranzato and R. Hadsell and M. F. Balcan and H. Lin},
  pages = {8704--8715},
  publisher = {Curran Associates, Inc.},
  title = {Faster Randomized Infeasible Interior Point Methods for Tall/Wide Linear Programs},
  url = {https://proceedings.neurips.cc/paper/2020/file/630eff1b380505a67570dff952ce4ad7-Paper.pdf},
  volume = {33},
  year = {2020}
}
